<collection xmlns="http://www.loc.gov/MARC21/slim">
<record>
  <leader>01475nam0a22002411i 450 </leader>
  <controlfield tag="001">IT\ICCU\CNCE\074989</controlfield>
  <controlfield tag="005">20160505000000.0</controlfield>
  <datafield tag="012" ind1=" " ind2=" ">
    <subfield code="a">5.o. 2.o. s.A. 5.le (S) 1595 (A)</subfield>
    <subfield code="2">fei</subfield>
  </datafield>
  <datafield tag="100" ind1=" " ind2=" ">
    <subfield code="a">20100119d1595        0itac0103    ba</subfield>
  </datafield>
  <datafield tag="101" ind1=" " ind2=" ">
    <subfield code="a">ITA</subfield>
  </datafield>
  <datafield tag="102" ind1=" " ind2=" ">
    <subfield code="a">IT</subfield>
  </datafield>
  <datafield tag="200" ind1="1" ind2=" ">
    <subfield code="a">Philippus Dei gratia rex &amp;c. Banno, et comandamento da parte dell&apos;illustrissimo, &amp; eccellentissimo sign. don Giouan de Zunica conte de Miranda marchese di Labagnesa, e nel presente regno per la prefata regia, e cattolica maest ̉vicer,̈ luocotenente, &amp; capitan generale &amp;c</subfield>
  </datafield>
  <datafield tag="210" ind1=" " ind2=" ">
    <subfield code="a">In Napoli</subfield>
    <subfield code="c">appresso Gio. Iacomo Carlino</subfield>
    <subfield code="d">&amp; Antonio Pace</subfield>
    <subfield code="c">ad instantia di Aniello di Stefano</subfield>
    <subfield code="d">si vendono sotto al campanile di s. Ligorio</subfield>
    <subfield code="d">1595</subfield>
  </datafield>
  <datafield tag="215" ind1=" " ind2=" ">
    <subfield code="a">1 manifesto</subfield>
    <subfield code="d">1/2</subfield>
  </datafield>
  <datafield tag="300" ind1=" " ind2=" ">
    <subfield code="a">ACCORPATA alla 73835Bando sulla regolamentazione del prezzo del grano e dell&apos;orzo. - Date di emanazione: Napoli, 17 luglio 1595 e 21 luglio 1595. - Incipit del testo: Semo informati, che si bene la ricolta del presente anno per gratia di n.s. Dio sia fertilissima ...</subfield>
  </datafield>
  <datafield tag="620" ind1=" " ind2=" ">
    <subfield code="a">IT</subfield>
    <subfield code="d">Napoli</subfield>
  </datafield>
  <datafield tag="710" ind1="0" ind2="2">
    <subfield code="a">Napoli</subfield>
    <subfield code="c"> &lt;Regno&gt;</subfield>
    <subfield code="3">6856</subfield>
  </datafield>
  <datafield tag="712" ind1="0" ind2="0">
    <subfield code="a">Carlino, Giovanni Giacomo &amp; Pace, Antonio</subfield>
    <subfield code="3">IT\ICCU\CNCT\000320</subfield>
    <subfield code="4">650</subfield>
  </datafield>
  <datafield tag="712" ind1="0" ind2="0">
    <subfield code="a">De_Stefano, Aniello</subfield>
    <subfield code="3">IT\ICCU\CNCT\003126</subfield>
    <subfield code="4">650</subfield>
  </datafield>
  <datafield tag="791" ind1="0" ind2="0">
    <subfield code="a">Stefano, Aniello di</subfield>
    <subfield code="3">IT\ICCU\CNCT\003127</subfield>
    <subfield code="z">De_Stefano, Aniello</subfield>
  </datafield>
  <datafield tag="791" ind1="0" ind2="0">
    <subfield code="a">Di_Stefano, Aniello</subfield>
    <subfield code="3">IT\ICCU\CNCT\004619</subfield>
    <subfield code="z">De_Stefano, Aniello</subfield>
  </datafield>
  <datafield tag="791" ind1="0" ind2="0">
    <subfield code="a">Stefano, Agnello</subfield>
    <subfield code="3">IT\ICCU\CNCT\004621</subfield>
    <subfield code="z">De_Stefano, Aniello</subfield>
  </datafield>
  <datafield tag="801" ind1=" " ind2="3">
    <subfield code="a">IT</subfield>
    <subfield code="b">ICCU</subfield>
    <subfield code="c">20201115</subfield>
  </datafield>
</record>
</collection>
